<?xml version="1.0" encoding="UTF-8"?><record xmlns="http://www.loc.gov/MARC21/slim" xmlns:cinclude="http://apache.org/cocoon/include/1.0" xmlns:zs="http://www.loc.gov/zing/srw/">
  <leader>00891cz  a2200205n  4500</leader>
  <controlfield tag="001">no2007157754</controlfield>
  <controlfield tag="003">DLC</controlfield>
  <controlfield tag="005">20090611075403.0</controlfield>
  <controlfield tag="008">071220n| acannaabn          |a aaa     c</controlfield>
  <datafield tag="010" ind1=" " ind2=" ">
    <subfield code="a">no2007157754</subfield>
  </datafield>
  <datafield tag="035" ind1=" " ind2=" ">
    <subfield code="a">(OCoLC)oca07614109</subfield>
  </datafield>
  <datafield tag="040" ind1=" " ind2=" ">
    <subfield code="a">NN</subfield>
    <subfield code="b">eng</subfield>
    <subfield code="c">NN</subfield>
    <subfield code="d">DLC</subfield>
  </datafield>
  <datafield tag="100" ind1="1" ind2=" ">
    <subfield code="a">Loewe, Carl,</subfield>
    <subfield code="d">1796-1869.</subfield>
    <subfield code="t">Fabellieder</subfield>
  </datafield>
  <datafield tag="400" ind1="1" ind2=" ">
    <subfield code="a">Loewe, Carl,</subfield>
    <subfield code="d">1796-1869.</subfield>
    <subfield code="t">IV Fabellieder</subfield>
  </datafield>
  <datafield tag="400" ind1="1" ind2=" ">
    <subfield code="a">Loewe, Carl,</subfield>
    <subfield code="d">1796-1869.</subfield>
    <subfield code="t">Vier Fabellieder</subfield>
  </datafield>
  <datafield tag="400" ind1="1" ind2=" ">
    <subfield code="a">Loewe, Carl,</subfield>
    <subfield code="d">1796-1869.</subfield>
    <subfield code="t">4 Fabelballaden</subfield>
  </datafield>
  <datafield tag="670" ind1=" " ind2=" ">
    <subfield code="a">Loewe, C. Lieder, Balladen complete edition. Vol. 21 [SR] p2007:</subfield>
    <subfield code="b">container (Wer ist BaĚr? : op. 64, no. 4)</subfield>
  </datafield>
  <datafield tag="670" ind1=" " ind2=" ">
    <subfield code="a">MGG 2. Ausg.</subfield>
    <subfield code="b">(4 Fabellieder : op. 64; composed 1837)</subfield>
  </datafield>
  <datafield tag="670" ind1=" " ind2=" ">
    <subfield code="a">Loewe, C. Carl Loewes Werke, 1970:</subfield>
    <subfield code="b">Bd. 9, xxiii (Gesamttitel: Vier Fabellieder fuĚr eine Singstimme mit Begleitung des Pianoforte) p. 86 (Vier Fabelballaden)</subfield>
  </datafield>
  <datafield tag="670" ind1=" " ind2=" ">
    <subfield code="a">IV Fabellieder, op. 64, 1839.</subfield>
  </datafield>
</record>